<record><leader>00000cas a22000007a 4500</leader><controlfield tag="001">10270444</controlfield><controlfield tag="008">840106d18701903nvudn ne      0    0eng d</controlfield><datafield ind1=" " ind2=" " tag="010"><subfield code="a">sn 84022060 </subfield></datafield><datafield ind1=" " ind2=" " tag="040"><subfield code="a">NPX</subfield><subfield code="b">eng</subfield><subfield code="c">NPX</subfield><subfield code="d">DLC</subfield><subfield code="d">NPU</subfield><subfield code="d">NNX</subfield><subfield code="d">CNK</subfield><subfield code="d">CNW</subfield><subfield code="d">OCLCQ</subfield><subfield code="d">OCLCF</subfield><subfield code="d">OCLCO</subfield></datafield><datafield ind1="1" ind2=" " tag="029"><subfield code="a">AU@</subfield><subfield code="b">000020413933</subfield></datafield><datafield ind1=" " ind2=" " tag="042"><subfield code="a">msc</subfield></datafield><datafield ind1=" " ind2=" " tag="043"><subfield code="a">n-us-nv</subfield></datafield><datafield ind1="0" ind2="0" tag="050"><subfield code="a">Newspaper 6888-X</subfield></datafield><datafield ind1="0" ind2=" " tag="130"><subfield code="a">Silver state (Unionville, Nev.)</subfield></datafield><datafield ind1="0" ind2="4" tag="245"><subfield code="a">The Silver state.</subfield></datafield><datafield ind1="1" ind2="3" tag="246"><subfield code="a">Daily silver state</subfield></datafield><datafield ind1="1" ind2="3" tag="246"><subfield code="a">Winnemucca republican</subfield></datafield><datafield ind1=" " ind2=" " tag="260"><subfield code="a">Unionville, Nev. :</subfield><subfield code="b">H.A. Waldo,</subfield><subfield code="c">1870-1903.</subfield></datafield><datafield ind1=" " ind2=" " tag="300"><subfield code="a">40 v. ;</subfield><subfield code="c">46 cm.</subfield></datafield><datafield ind1=" " ind2=" " tag="310"><subfield code="a">Daily (except Sun.)</subfield><subfield code="b">Oct. 7, 1874-Apr. 29, 1903</subfield></datafield><datafield ind1=" " ind2=" " tag="321"><subfield code="a">Frequency varies</subfield></datafield><datafield ind1="0" ind2=" " tag="362"><subfield code="a">Vol. 1, no. 1 (Mar. 22, 1870)-v. 40, no. 56 (Apr. 29, 1903).</subfield></datafield><datafield ind1=" " ind2=" " tag="500"><subfield code="a">Title from publisher's statement: Winneumcca republican, Nov. 17, 1902-Apr. 29, 1903; Daily silver state, Oct. 7, 1874-Jan. 28, 1880.</subfield></datafield><datafield ind1=" " ind2=" " tag="500"><subfield code="a">Published at Winnemucca, Sept. 10, 1874-Apr. 29, 1903.</subfield></datafield><datafield ind1=" " ind2=" " tag="500"><subfield code="a">Publishers: John I. Ginn, 1870-1871; John Booth, 1871; R.L. Tilden, 1871-1872; J.J. Hill &amp; Co., 1872-&lt;1876&gt;.</subfield></datafield><datafield ind1=" " ind2=" " tag="500"><subfield code="a">Editor: E.D. Kelley, 1874-&lt;1876&gt;.</subfield></datafield><datafield ind1=" " ind2="0" tag="651"><subfield code="a">Unionville (Nev.)</subfield><subfield code="v">Newspapers.</subfield></datafield><datafield ind1=" " ind2="0" tag="651"><subfield code="a">Winnemucca (Nev.)</subfield><subfield code="v">Newspapers.</subfield></datafield><datafield ind1=" " ind2="7" tag="655"><subfield code="a">Newspapers.</subfield><subfield code="2">fast</subfield><subfield code="0">(OCoLC)fst01423814</subfield></datafield><datafield ind1=" " ind2="7" tag="651"><subfield code="a">Nevada</subfield><subfield code="z">Unionville.</subfield><subfield code="2">fast</subfield><subfield code="0">(OCoLC)fst01868456</subfield></datafield><datafield ind1=" " ind2="7" tag="651"><subfield code="a">Nevada</subfield><subfield code="z">Winnemucca.</subfield><subfield code="2">fast</subfield><subfield code="0">(OCoLC)fst01217586</subfield></datafield><datafield ind1="1" ind2=" " tag="700"><subfield code="a">Kelley, E. D.</subfield></datafield><datafield ind1=" " ind2=" " tag="752"><subfield code="a">United States</subfield><subfield code="b">Nevada</subfield><subfield code="c">Humboldt</subfield><subfield code="d">Unionville.</subfield></datafield><datafield ind1=" " ind2=" " tag="752"><subfield code="a">United States</subfield><subfield code="b">Nevada</subfield><subfield code="c">Humboldt</subfield><subfield code="d">Winnemucca.</subfield></datafield><datafield ind1="0" ind2="0" tag="785"><subfield code="t">Daily silver state</subfield><subfield code="w">(DLC)sn 86076224</subfield></datafield></record>